<?xml version="1.0" encoding="UTF-8"?><collection xmlns="http://www.loc.gov/MARC21/slim"><record><leader>00367nam--2200133-i-4500</leader><controlfield tag="001">000045230</controlfield><controlfield tag="002">20161230</controlfield><controlfield tag="005">20161230201044</controlfield><controlfield tag="008">060222s1000------------r-----000-0-eng-d</controlfield><datafield ind1=" " ind2=" " tag="080"><subfield code="a">541.1</subfield></datafield><datafield ind1=" " ind2=" " tag="245"><subfield code="a">Techniques of chemistry. vol.15:theory and applications of electron spin resonance</subfield></datafield><datafield ind1=" " ind2=" " tag="260"><subfield code="a">New York, Wiley-interscience, 1980</subfield></datafield><datafield ind1=" " ind2=" " tag="700"><subfield code="a">W.Gordy</subfield></datafield><datafield ind1=" " ind2=" " tag="852"><subfield code="a">35546</subfield></datafield></record></collection>